%YAML 1.1
%TAG !u! tag:unity3d.com,2011:
--- !u!1 &143150
GameObject:
  m_ObjectHideFlags: 0
  m_CorrespondingSourceObject: {fileID: 0}
  m_PrefabInstance: {fileID: 0}
  m_PrefabAsset: {fileID: 0}
  serializedVersion: 6
  m_Component:
  - component: {fileID: 423424}
  - component: {fileID: 3329786}
  - component: {fileID: 2394882}
  m_Layer: 11
  m_Name: JumpEffect
  m_TagString: Untagged
  m_Icon: {fileID: 0}
  m_NavMeshLayer: 0
  m_StaticEditorFlags: 0
  m_IsActive: 0
--- !u!4 &423424
Transform:
  m_ObjectHideFlags: 0
  m_CorrespondingSourceObject: {fileID: 0}
  m_PrefabInstance: {fileID: 0}
  m_PrefabAsset: {fileID: 0}
  m_GameObject: {fileID: 143150}
  m_LocalRotation: {x: 0.7071068, y: 0, z: 0, w: 0.7071068}
  m_LocalPosition: {x: 0, y: -0.374, z: -0}
  m_LocalScale: {x: 3.0377998, y: 3.0033967, z: 0.2}
  m_Children: []
  m_Father: {fileID: 405288}
  m_RootOrder: 1
  m_LocalEulerAnglesHint: {x: 90, y: 0, z: 0}
--- !u!33 &3329786
MeshFilter:
  m_ObjectHideFlags: 0
  m_CorrespondingSourceObject: {fileID: 0}
  m_PrefabInstance: {fileID: 0}
  m_PrefabAsset: {fileID: 0}
  m_GameObject: {fileID: 143150}
  m_Mesh: {fileID: 10210, guid: 0000000000000000e000000000000000, type: 0}
--- !u!23 &2394882
MeshRenderer:
  m_ObjectHideFlags: 0
  m_CorrespondingSourceObject: {fileID: 0}
  m_PrefabInstance: {fileID: 0}
  m_PrefabAsset: {fileID: 0}
  m_GameObject: {fileID: 143150}
  m_Enabled: 1
  m_CastShadows: 1
  m_ReceiveShadows: 1
  m_DynamicOccludee: 1
  m_MotionVectors: 1
  m_LightProbeUsage: 1
  m_ReflectionProbeUsage: 1
  m_RayTracingMode: 2
  m_RenderingLayerMask: 1
  m_RendererPriority: 0
  m_Materials:
  - {fileID: 2100000, guid: eee26ee0d94b04d31b2d39a86c33fb76, type: 2}
  m_StaticBatchInfo:
    firstSubMesh: 0
    subMeshCount: 0
  m_StaticBatchRoot: {fileID: 0}
  m_ProbeAnchor: {fileID: 0}
  m_LightProbeVolumeOverride: {fileID: 0}
  m_ScaleInLightmap: 1
  m_ReceiveGI: 1
  m_PreserveUVs: 1
  m_IgnoreNormalsForChartDetection: 0
  m_ImportantGI: 0
  m_StitchLightmapSeams: 1
  m_SelectedEditorRenderState: 3
  m_MinimumChartSize: 4
  m_AutoUVMaxDistance: 0.5
  m_AutoUVMaxAngle: 89
  m_LightmapParameters: {fileID: 0}
  m_SortingLayerID: 0
  m_SortingLayer: 0
  m_SortingOrder: 0
--- !u!1 &151502
GameObject:
  m_ObjectHideFlags: 0
  m_CorrespondingSourceObject: {fileID: 0}
  m_PrefabInstance: {fileID: 0}
  m_PrefabAsset: {fileID: 0}
  serializedVersion: 6
  m_Component:
  - component: {fileID: 430336}
  - component: {fileID: 3321282}
  - component: {fileID: 6568010}
  - component: {fileID: 2361010}
  - component: {fileID: 5477692}
  m_Layer: 11
  m_Name: Cube
  m_TagString: Untagged
  m_Icon: {fileID: 0}
  m_NavMeshLayer: 0
  m_StaticEditorFlags: 0
  m_IsActive: 1
--- !u!4 &430336
Transform:
  m_ObjectHideFlags: 0
  m_CorrespondingSourceObject: {fileID: 0}
  m_PrefabInstance: {fileID: 0}
  m_PrefabAsset: {fileID: 0}
  m_GameObject: {fileID: 151502}
  m_LocalRotation: {x: 0.7071068, y: 0, z: 0, w: 0.7071068}
  m_LocalPosition: {x: 0, y: -0.445, z: -0.009}
  m_LocalScale: {x: 1.7, y: 1.724406, z: 0.093488306}
  m_Children: []
  m_Father: {fileID: 405288}
  m_RootOrder: 0
  m_LocalEulerAnglesHint: {x: 90, y: 0, z: 0}
--- !u!33 &3321282
MeshFilter:
  m_ObjectHideFlags: 0
  m_CorrespondingSourceObject: {fileID: 0}
  m_PrefabInstance: {fileID: 0}
  m_PrefabAsset: {fileID: 0}
  m_GameObject: {fileID: 151502}
  m_Mesh: {fileID: 4300000, guid: 8d6dfa0ea76d73848a84068e5f3e4a6b, type: 3}
--- !u!65 &6568010
BoxCollider:
  m_ObjectHideFlags: 0
  m_CorrespondingSourceObject: {fileID: 0}
  m_PrefabInstance: {fileID: 0}
  m_PrefabAsset: {fileID: 0}
  m_GameObject: {fileID: 151502}
  m_Material: {fileID: 0}
  m_IsTrigger: 0
  m_Enabled: 1
  serializedVersion: 2
  m_Size: {x: 1.5120497, y: 1.4382938, z: 2.1368816}
  m_Center: {x: 0.015797824, y: 0.017537612, z: -0.7831342}
--- !u!23 &2361010
MeshRenderer:
  m_ObjectHideFlags: 0
  m_CorrespondingSourceObject: {fileID: 0}
  m_PrefabInstance: {fileID: 0}
  m_PrefabAsset: {fileID: 0}
  m_GameObject: {fileID: 151502}
  m_Enabled: 1
  m_CastShadows: 0
  m_ReceiveShadows: 1
  m_DynamicOccludee: 1
  m_MotionVectors: 1
  m_LightProbeUsage: 1
  m_ReflectionProbeUsage: 1
  m_RayTracingMode: 2
  m_RenderingLayerMask: 1
  m_RendererPriority: 0
  m_Materials:
  - {fileID: 2100000, guid: 6a6a30caaceebaf48a10bda88bf20d6a, type: 2}
  m_StaticBatchInfo:
    firstSubMesh: 0
    subMeshCount: 0
  m_StaticBatchRoot: {fileID: 0}
  m_ProbeAnchor: {fileID: 0}
  m_LightProbeVolumeOverride: {fileID: 0}
  m_ScaleInLightmap: 1
  m_ReceiveGI: 1
  m_PreserveUVs: 1
  m_IgnoreNormalsForChartDetection: 0
  m_ImportantGI: 0
  m_StitchLightmapSeams: 1
  m_SelectedEditorRenderState: 3
  m_MinimumChartSize: 4
  m_AutoUVMaxDistance: 0.5
  m_AutoUVMaxAngle: 89
  m_LightmapParameters: {fileID: 0}
  m_SortingLayerID: 0
  m_SortingLayer: 0
  m_SortingOrder: 0
--- !u!54 &5477692
Rigidbody:
  m_ObjectHideFlags: 0
  m_CorrespondingSourceObject: {fileID: 0}
  m_PrefabInstance: {fileID: 0}
  m_PrefabAsset: {fileID: 0}
  m_GameObject: {fileID: 151502}
  serializedVersion: 2
  m_Mass: 1
  m_Drag: 0
  m_AngularDrag: 0.05
  m_UseGravity: 0
  m_IsKinematic: 1
  m_Interpolate: 0
  m_Constraints: 0
  m_CollisionDetection: 0
--- !u!1 &160790
GameObject:
  m_ObjectHideFlags: 0
  m_CorrespondingSourceObject: {fileID: 0}
  m_PrefabInstance: {fileID: 0}
  m_PrefabAsset: {fileID: 0}
  serializedVersion: 6
  m_Component:
  - component: {fileID: 405288}
  - component: {fileID: 11402798}
  m_Layer: 11
  m_Name: Level4_Platform
  m_TagString: Plateform
  m_Icon: {fileID: 0}
  m_NavMeshLayer: 0
  m_StaticEditorFlags: 0
  m_IsActive: 1
--- !u!4 &405288
Transform:
  m_ObjectHideFlags: 0
  m_CorrespondingSourceObject: {fileID: 0}
  m_PrefabInstance: {fileID: 0}
  m_PrefabAsset: {fileID: 0}
  m_GameObject: {fileID: 160790}
  m_LocalRotation: {x: 0, y: 0, z: 0, w: 1}
  m_LocalPosition: {x: 0, y: 0, z: 0}
  m_LocalScale: {x: 1, y: 1, z: 1}
  m_Children:
  - {fileID: 430336}
  - {fileID: 423424}
  - {fileID: 454384}
  - {fileID: 1510269740226953678}
  - {fileID: 790011565165729986}
  m_Father: {fileID: 0}
  m_RootOrder: 0
  m_LocalEulerAnglesHint: {x: 0, y: 0, z: 0}
--- !u!114 &11402798
MonoBehaviour:
  m_ObjectHideFlags: 0
  m_CorrespondingSourceObject: {fileID: 0}
  m_PrefabInstance: {fileID: 0}
  m_PrefabAsset: {fileID: 0}
  m_GameObject: {fileID: 160790}
  m_Enabled: 1
  m_EditorHideFlags: 0
  m_Script: {fileID: 11500000, guid: 90d9cc32d2cd542bdbdec31d6560edff, type: 3}
  m_Name: 
  m_EditorClassIdentifier: 
  jumpEffect: {fileID: 423424}
  cube: {fileID: 430336}
  diamond: {fileID: 183278}
  key: {fileID: 4400053581770824910}
  JumpPower: {fileID: 8876144911865707183}
--- !u!1 &183278
GameObject:
  m_ObjectHideFlags: 0
  m_CorrespondingSourceObject: {fileID: 0}
  m_PrefabInstance: {fileID: 0}
  m_PrefabAsset: {fileID: 0}
  serializedVersion: 6
  m_Component:
  - component: {fileID: 454384}
  - component: {fileID: 3333256}
  - component: {fileID: 2332972}
  m_Layer: 11
  m_Name: Diamond
  m_TagString: Untagged
  m_Icon: {fileID: 0}
  m_NavMeshLayer: 0
  m_StaticEditorFlags: 0
  m_IsActive: 0
--- !u!4 &454384
Transform:
  m_ObjectHideFlags: 0
  m_CorrespondingSourceObject: {fileID: 0}
  m_PrefabInstance: {fileID: 0}
  m_PrefabAsset: {fileID: 0}
  m_GameObject: {fileID: 183278}
  m_LocalRotation: {x: 1, y: 0, z: 0, w: 0}
  m_LocalPosition: {x: -0.0000000046847, y: 0.207, z: 0.1}
  m_LocalScale: {x: 20, y: 20, z: 20}
  m_Children:
  - {fileID: 9044201569603998366}
  m_Father: {fileID: 405288}
  m_RootOrder: 2
  m_LocalEulerAnglesHint: {x: 180, y: 0, z: 0}
--- !u!33 &3333256
MeshFilter:
  m_ObjectHideFlags: 0
  m_CorrespondingSourceObject: {fileID: 0}
  m_PrefabInstance: {fileID: 0}
  m_PrefabAsset: {fileID: 0}
  m_GameObject: {fileID: 183278}
  m_Mesh: {fileID: -2934717439318261032, guid: 1109bc4740fb08b4699368c19356db83, type: 3}
--- !u!23 &2332972
MeshRenderer:
  m_ObjectHideFlags: 0
  m_CorrespondingSourceObject: {fileID: 0}
  m_PrefabInstance: {fileID: 0}
  m_PrefabAsset: {fileID: 0}
  m_GameObject: {fileID: 183278}
  m_Enabled: 1
  m_CastShadows: 1
  m_ReceiveShadows: 1
  m_DynamicOccludee: 1
  m_MotionVectors: 1
  m_LightProbeUsage: 1
  m_ReflectionProbeUsage: 1
  m_RayTracingMode: 2
  m_RenderingLayerMask: 1
  m_RendererPriority: 0
  m_Materials:
  - {fileID: 2100000, guid: b3cb5f103012ea345b1ca739e5d0d966, type: 2}
  m_StaticBatchInfo:
    firstSubMesh: 0
    subMeshCount: 0
  m_StaticBatchRoot: {fileID: 0}
  m_ProbeAnchor: {fileID: 0}
  m_LightProbeVolumeOverride: {fileID: 0}
  m_ScaleInLightmap: 1
  m_ReceiveGI: 1
  m_PreserveUVs: 0
  m_IgnoreNormalsForChartDetection: 0
  m_ImportantGI: 0
  m_StitchLightmapSeams: 1
  m_SelectedEditorRenderState: 3
  m_MinimumChartSize: 4
  m_AutoUVMaxDistance: 0.5
  m_AutoUVMaxAngle: 89
  m_LightmapParameters: {fileID: 0}
  m_SortingLayerID: 0
  m_SortingLayer: 0
  m_SortingOrder: 0
--- !u!1 &4400053581770824910
GameObject:
  m_ObjectHideFlags: 0
  m_CorrespondingSourceObject: {fileID: 0}
  m_PrefabInstance: {fileID: 0}
  m_PrefabAsset: {fileID: 0}
  serializedVersion: 6
  m_Component:
  - component: {fileID: 790011565165729986}
  - component: {fileID: 8396512063509471875}
  m_Layer: 11
  m_Name: Key (1)
  m_TagString: Untagged
  m_Icon: {fileID: 0}
  m_NavMeshLayer: 0
  m_StaticEditorFlags: 0
  m_IsActive: 0
--- !u!4 &790011565165729986
Transform:
  m_ObjectHideFlags: 0
  m_CorrespondingSourceObject: {fileID: 0}
  m_PrefabInstance: {fileID: 0}
  m_PrefabAsset: {fileID: 0}
  m_GameObject: {fileID: 4400053581770824910}
  m_LocalRotation: {x: 0, y: 1, z: 0, w: 0}
  m_LocalPosition: {x: -0.015274, y: 0.379, z: 0.015593}
  m_LocalScale: {x: 0.24568912, y: 0.24568912, z: 0.24568912}
  m_Children:
  - {fileID: 2440226995741009935}
  m_Father: {fileID: 405288}
  m_RootOrder: 4
  m_LocalEulerAnglesHint: {x: -180, y: 0, z: 180}
--- !u!212 &8396512063509471875
SpriteRenderer:
  m_ObjectHideFlags: 0
  m_CorrespondingSourceObject: {fileID: 0}
  m_PrefabInstance: {fileID: 0}
  m_PrefabAsset: {fileID: 0}
  m_GameObject: {fileID: 4400053581770824910}
  m_Enabled: 1
  m_CastShadows: 0
  m_ReceiveShadows: 0
  m_DynamicOccludee: 1
  m_MotionVectors: 1
  m_LightProbeUsage: 1
  m_ReflectionProbeUsage: 1
  m_RayTracingMode: 0
  m_RenderingLayerMask: 1
  m_RendererPriority: 0
  m_Materials:
  - {fileID: 10754, guid: 0000000000000000f000000000000000, type: 0}
  m_StaticBatchInfo:
    firstSubMesh: 0
    subMeshCount: 0
  m_StaticBatchRoot: {fileID: 0}
  m_ProbeAnchor: {fileID: 0}
  m_LightProbeVolumeOverride: {fileID: 0}
  m_ScaleInLightmap: 1
  m_ReceiveGI: 1
  m_PreserveUVs: 0
  m_IgnoreNormalsForChartDetection: 0
  m_ImportantGI: 0
  m_StitchLightmapSeams: 1
  m_SelectedEditorRenderState: 0
  m_MinimumChartSize: 4
  m_AutoUVMaxDistance: 0.5
  m_AutoUVMaxAngle: 89
  m_LightmapParameters: {fileID: 0}
  m_SortingLayerID: 0
  m_SortingLayer: 0
  m_SortingOrder: 1
  m_Sprite: {fileID: 21300000, guid: 07ce36561666b554381fdfe287dced33, type: 3}
  m_Color: {r: 1, g: 1, b: 1, a: 1}
  m_FlipX: 0
  m_FlipY: 0
  m_DrawMode: 0
  m_Size: {x: 5.12, y: 5.12}
  m_AdaptiveModeThreshold: 0.5
  m_SpriteTileMode: 0
  m_WasSpriteAssigned: 1
  m_MaskInteraction: 0
  m_SpriteSortPoint: 0
--- !u!1 &8876144911865707183
GameObject:
  m_ObjectHideFlags: 0
  m_CorrespondingSourceObject: {fileID: 0}
  m_PrefabInstance: {fileID: 0}
  m_PrefabAsset: {fileID: 0}
  serializedVersion: 6
  m_Component:
  - component: {fileID: 1510269740226953678}
  - component: {fileID: 7264865892872308212}
  m_Layer: 11
  m_Name: JumpPower
  m_TagString: Untagged
  m_Icon: {fileID: 0}
  m_NavMeshLayer: 0
  m_StaticEditorFlags: 0
  m_IsActive: 0
--- !u!4 &1510269740226953678
Transform:
  m_ObjectHideFlags: 0
  m_CorrespondingSourceObject: {fileID: 0}
  m_PrefabInstance: {fileID: 0}
  m_PrefabAsset: {fileID: 0}
  m_GameObject: {fileID: 8876144911865707183}
  m_LocalRotation: {x: 0.38494182, y: -0, z: -0, w: 0.92294085}
  m_LocalPosition: {x: -0.06, y: 0.18, z: -0.2}
  m_LocalScale: {x: 0.17327766, y: 0.29034734, z: 0.3470688}
  m_Children: []
  m_Father: {fileID: 405288}
  m_RootOrder: 3
  m_LocalEulerAnglesHint: {x: 45.280003, y: 0, z: 0}
--- !u!212 &7264865892872308212
SpriteRenderer:
  m_ObjectHideFlags: 0
  m_CorrespondingSourceObject: {fileID: 0}
  m_PrefabInstance: {fileID: 0}
  m_PrefabAsset: {fileID: 0}
  m_GameObject: {fileID: 8876144911865707183}
  m_Enabled: 1
  m_CastShadows: 0
  m_ReceiveShadows: 0
  m_DynamicOccludee: 1
  m_MotionVectors: 1
  m_LightProbeUsage: 1
  m_ReflectionProbeUsage: 1
  m_RayTracingMode: 0
  m_RenderingLayerMask: 1
  m_RendererPriority: 0
  m_Materials:
  - {fileID: 10754, guid: 0000000000000000f000000000000000, type: 0}
  m_StaticBatchInfo:
    firstSubMesh: 0
    subMeshCount: 0
  m_StaticBatchRoot: {fileID: 0}
  m_ProbeAnchor: {fileID: 0}
  m_LightProbeVolumeOverride: {fileID: 0}
  m_ScaleInLightmap: 1
  m_ReceiveGI: 1
  m_PreserveUVs: 0
  m_IgnoreNormalsForChartDetection: 0
  m_ImportantGI: 0
  m_StitchLightmapSeams: 1
  m_SelectedEditorRenderState: 0
  m_MinimumChartSize: 4
  m_AutoUVMaxDistance: 0.5
  m_AutoUVMaxAngle: 89
  m_LightmapParameters: {fileID: 0}
  m_SortingLayerID: 0
  m_SortingLayer: 0
  m_SortingOrder: 2
  m_Sprite: {fileID: 21300000, guid: 0112574cc4271c1498a9493e2a2a1ef5, type: 3}
  m_Color: {r: 1, g: 1, b: 1, a: 1}
  m_FlipX: 0
  m_FlipY: 0
  m_DrawMode: 0
  m_Size: {x: 10.24, y: 10.24}
  m_AdaptiveModeThreshold: 0.5
  m_SpriteTileMode: 0
  m_WasSpriteAssigned: 1
  m_MaskInteraction: 0
  m_SpriteSortPoint: 0
--- !u!1001 &2440226995740683615
PrefabInstance:
  m_ObjectHideFlags: 0
  serializedVersion: 2
  m_Modification:
    m_TransformParent: {fileID: 790011565165729986}
    m_Modifications:
    - target: {fileID: 460112, guid: b48130c5c79540c4fba57c912d3b8729, type: 3}
      propertyPath: m_LocalPosition.x
      value: -0.062167976
      objectReference: {fileID: 0}
    - target: {fileID: 460112, guid: b48130c5c79540c4fba57c912d3b8729, type: 3}
      propertyPath: m_LocalPosition.y
      value: 0.056982573
      objectReference: {fileID: 0}
    - target: {fileID: 460112, guid: b48130c5c79540c4fba57c912d3b8729, type: 3}
      propertyPath: m_LocalPosition.z
      value: 0.10629203
      objectReference: {fileID: 0}
    - target: {fileID: 460112, guid: b48130c5c79540c4fba57c912d3b8729, type: 3}
      propertyPath: m_LocalRotation.x
      value: -0
      objectReference: {fileID: 0}
    - target: {fileID: 460112, guid: b48130c5c79540c4fba57c912d3b8729, type: 3}
      propertyPath: m_LocalRotation.y
      value: -0.7071068
      objectReference: {fileID: 0}
    - target: {fileID: 460112, guid: b48130c5c79540c4fba57c912d3b8729, type: 3}
      propertyPath: m_LocalRotation.z
      value: 0.7071068
      objectReference: {fileID: 0}
    - target: {fileID: 460112, guid: b48130c5c79540c4fba57c912d3b8729, type: 3}
      propertyPath: m_LocalRotation.w
      value: 0
      objectReference: {fileID: 0}
    - target: {fileID: 460112, guid: b48130c5c79540c4fba57c912d3b8729, type: 3}
      propertyPath: m_RootOrder
      value: 0
      objectReference: {fileID: 0}
    - target: {fileID: 460112, guid: b48130c5c79540c4fba57c912d3b8729, type: 3}
      propertyPath: m_LocalEulerAnglesHint.x
      value: -90
      objectReference: {fileID: 0}
    - target: {fileID: 460112, guid: b48130c5c79540c4fba57c912d3b8729, type: 3}
      propertyPath: m_LocalEulerAnglesHint.y
      value: 0
      objectReference: {fileID: 0}
    - target: {fileID: 460112, guid: b48130c5c79540c4fba57c912d3b8729, type: 3}
      propertyPath: m_LocalEulerAnglesHint.z
      value: 0
      objectReference: {fileID: 0}
    - target: {fileID: 460112, guid: b48130c5c79540c4fba57c912d3b8729, type: 3}
      propertyPath: m_LocalScale.x
      value: 40.402515
      objectReference: {fileID: 0}
    - target: {fileID: 460112, guid: b48130c5c79540c4fba57c912d3b8729, type: 3}
      propertyPath: m_LocalScale.y
      value: 40.402523
      objectReference: {fileID: 0}
    - target: {fileID: 460112, guid: b48130c5c79540c4fba57c912d3b8729, type: 3}
      propertyPath: m_LocalScale.z
      value: 40.402523
      objectReference: {fileID: 0}
    - target: {fileID: 102042, guid: b48130c5c79540c4fba57c912d3b8729, type: 3}
      propertyPath: m_Name
      value: ItemSparklePink (1)
      objectReference: {fileID: 0}
    - target: {fileID: 464766, guid: b48130c5c79540c4fba57c912d3b8729, type: 3}
      propertyPath: m_LocalScale.x
      value: 0.10077877
      objectReference: {fileID: 0}
    - target: {fileID: 464766, guid: b48130c5c79540c4fba57c912d3b8729, type: 3}
      propertyPath: m_LocalScale.y
      value: 0.10077877
      objectReference: {fileID: 0}
    - target: {fileID: 464766, guid: b48130c5c79540c4fba57c912d3b8729, type: 3}
      propertyPath: m_LocalScale.z
      value: 0.10077877
      objectReference: {fileID: 0}
    - target: {fileID: 19925050, guid: b48130c5c79540c4fba57c912d3b8729, type: 3}
      propertyPath: m_SortingOrder
      value: 5
      objectReference: {fileID: 0}
    - target: {fileID: 19925050, guid: b48130c5c79540c4fba57c912d3b8729, type: 3}
      propertyPath: m_Materials.Array.data[0]
      value: 
      objectReference: {fileID: 2100000, guid: ccc729321dd2a334ebf20ecdec67d076, type: 2}
    - target: {fileID: 19925050, guid: b48130c5c79540c4fba57c912d3b8729, type: 3}
      propertyPath: m_RenderAlignment
      value: 0
      objectReference: {fileID: 0}
    - target: {fileID: 19925050, guid: b48130c5c79540c4fba57c912d3b8729, type: 3}
      propertyPath: m_CastShadows
      value: 0
      objectReference: {fileID: 0}
    - target: {fileID: 19925050, guid: b48130c5c79540c4fba57c912d3b8729, type: 3}
      propertyPath: m_ReceiveShadows
      value: 0
      objectReference: {fileID: 0}
    - target: {fileID: 19827604, guid: b48130c5c79540c4fba57c912d3b8729, type: 3}
      propertyPath: InitialModule.startColor.maxColor.r
      value: 0.15686275
      objectReference: {fileID: 0}
    - target: {fileID: 19827604, guid: b48130c5c79540c4fba57c912d3b8729, type: 3}
      propertyPath: InitialModule.startColor.maxColor.g
      value: 0.7568628
      objectReference: {fileID: 0}
    - target: {fileID: 19827604, guid: b48130c5c79540c4fba57c912d3b8729, type: 3}
      propertyPath: InitialModule.startColor.maxColor.b
      value: 0.83921576
      objectReference: {fileID: 0}
    - target: {fileID: 19827604, guid: b48130c5c79540c4fba57c912d3b8729, type: 3}
      propertyPath: InitialModule.startSize.scalar
      value: 0.4
      objectReference: {fileID: 0}
    - target: {fileID: 19827604, guid: b48130c5c79540c4fba57c912d3b8729, type: 3}
      propertyPath: InitialModule.startSpeed.scalar
      value: 0
      objectReference: {fileID: 0}
    - target: {fileID: 19827604, guid: b48130c5c79540c4fba57c912d3b8729, type: 3}
      propertyPath: InitialModule.size3D
      value: 0
      objectReference: {fileID: 0}
    - target: {fileID: 19827604, guid: b48130c5c79540c4fba57c912d3b8729, type: 3}
      propertyPath: playOnAwake
      value: 1
      objectReference: {fileID: 0}
    - target: {fileID: 19827604, guid: b48130c5c79540c4fba57c912d3b8729, type: 3}
      propertyPath: autoRandomSeed
      value: 1
      objectReference: {fileID: 0}
    - target: {fileID: 19827604, guid: b48130c5c79540c4fba57c912d3b8729, type: 3}
      propertyPath: prewarm
      value: 1
      objectReference: {fileID: 0}
    - target: {fileID: 19827604, guid: b48130c5c79540c4fba57c912d3b8729, type: 3}
      propertyPath: startDelay.maxCurve.m_Curve.Array.data[0].value
      value: 0
      objectReference: {fileID: 0}
    - target: {fileID: 19827604, guid: b48130c5c79540c4fba57c912d3b8729, type: 3}
      propertyPath: startDelay.maxCurve.m_Curve.Array.data[1].value
      value: 0
      objectReference: {fileID: 0}
    - target: {fileID: 19925482, guid: b48130c5c79540c4fba57c912d3b8729, type: 3}
      propertyPath: m_SortingOrder
      value: 5
      objectReference: {fileID: 0}
    - target: {fileID: 19828184, guid: b48130c5c79540c4fba57c912d3b8729, type: 3}
      propertyPath: InitialModule.startColor.maxColor.r
      value: 1
      objectReference: {fileID: 0}
    - target: {fileID: 19828184, guid: b48130c5c79540c4fba57c912d3b8729, type: 3}
      propertyPath: InitialModule.startColor.maxColor.g
      value: 0.9880786
      objectReference: {fileID: 0}
    - target: {fileID: 19828184, guid: b48130c5c79540c4fba57c912d3b8729, type: 3}
      propertyPath: InitialModule.startColor.maxColor.b
      value: 0
      objectReference: {fileID: 0}
    - target: {fileID: 19828184, guid: b48130c5c79540c4fba57c912d3b8729, type: 3}
      propertyPath: ColorModule.gradient.maxGradient.key1.g
      value: 0.8771619
      objectReference: {fileID: 0}
    - target: {fileID: 19828184, guid: b48130c5c79540c4fba57c912d3b8729, type: 3}
      propertyPath: ColorModule.gradient.maxGradient.key1.b
      value: 0
      objectReference: {fileID: 0}
    - target: {fileID: 19828184, guid: b48130c5c79540c4fba57c912d3b8729, type: 3}
      propertyPath: ColorModule.gradient.maxGradient.key2.a
      value: 0.5019608
      objectReference: {fileID: 0}
    - target: {fileID: 19828184, guid: b48130c5c79540c4fba57c912d3b8729, type: 3}
      propertyPath: ColorModule.gradient.maxGradient.atime1
      value: 36815
      objectReference: {fileID: 0}
    - target: {fileID: 19828184, guid: b48130c5c79540c4fba57c912d3b8729, type: 3}
      propertyPath: playOnAwake
      value: 1
      objectReference: {fileID: 0}
    m_RemovedComponents: []
  m_SourcePrefab: {fileID: 100100000, guid: b48130c5c79540c4fba57c912d3b8729, type: 3}
--- !u!4 &2440226995741009935 stripped
Transform:
  m_CorrespondingSourceObject: {fileID: 460112, guid: b48130c5c79540c4fba57c912d3b8729,
    type: 3}
  m_PrefabInstance: {fileID: 2440226995740683615}
  m_PrefabAsset: {fileID: 0}
--- !u!1001 &9044201569603672014
PrefabInstance:
  m_ObjectHideFlags: 0
  serializedVersion: 2
  m_Modification:
    m_TransformParent: {fileID: 454384}
    m_Modifications:
    - target: {fileID: 460112, guid: b48130c5c79540c4fba57c912d3b8729, type: 3}
      propertyPath: m_LocalPosition.x
      value: 0
      objectReference: {fileID: 0}
    - target: {fileID: 460112, guid: b48130c5c79540c4fba57c912d3b8729, type: 3}
      propertyPath: m_LocalPosition.y
      value: -0.0099
      objectReference: {fileID: 0}
    - target: {fileID: 460112, guid: b48130c5c79540c4fba57c912d3b8729, type: 3}
      propertyPath: m_LocalPosition.z
      value: 0
      objectReference: {fileID: 0}
    - target: {fileID: 460112, guid: b48130c5c79540c4fba57c912d3b8729, type: 3}
      propertyPath: m_LocalRotation.x
      value: -0.7071068
      objectReference: {fileID: 0}
    - target: {fileID: 460112, guid: b48130c5c79540c4fba57c912d3b8729, type: 3}
      propertyPath: m_LocalRotation.y
      value: 0
      objectReference: {fileID: 0}
    - target: {fileID: 460112, guid: b48130c5c79540c4fba57c912d3b8729, type: 3}
      propertyPath: m_LocalRotation.z
      value: 0
      objectReference: {fileID: 0}
    - target: {fileID: 460112, guid: b48130c5c79540c4fba57c912d3b8729, type: 3}
      propertyPath: m_LocalRotation.w
      value: 0.7071068
      objectReference: {fileID: 0}
    - target: {fileID: 460112, guid: b48130c5c79540c4fba57c912d3b8729, type: 3}
      propertyPath: m_RootOrder
      value: 0
      objectReference: {fileID: 0}
    - target: {fileID: 460112, guid: b48130c5c79540c4fba57c912d3b8729, type: 3}
      propertyPath: m_LocalEulerAnglesHint.x
      value: -90
      objectReference: {fileID: 0}
    - target: {fileID: 460112, guid: b48130c5c79540c4fba57c912d3b8729, type: 3}
      propertyPath: m_LocalEulerAnglesHint.y
      value: 0
      objectReference: {fileID: 0}
    - target: {fileID: 460112, guid: b48130c5c79540c4fba57c912d3b8729, type: 3}
      propertyPath: m_LocalEulerAnglesHint.z
      value: 0
      objectReference: {fileID: 0}
    - target: {fileID: 460112, guid: b48130c5c79540c4fba57c912d3b8729, type: 3}
      propertyPath: m_LocalScale.x
      value: 0.49632305
      objectReference: {fileID: 0}
    - target: {fileID: 460112, guid: b48130c5c79540c4fba57c912d3b8729, type: 3}
      propertyPath: m_LocalScale.y
      value: 0.49632305
      objectReference: {fileID: 0}
    - target: {fileID: 460112, guid: b48130c5c79540c4fba57c912d3b8729, type: 3}
      propertyPath: m_LocalScale.z
      value: 0.49632305
      objectReference: {fileID: 0}
    - target: {fileID: 102042, guid: b48130c5c79540c4fba57c912d3b8729, type: 3}
      propertyPath: m_Name
      value: ItemSparklePink
      objectReference: {fileID: 0}
    - target: {fileID: 464766, guid: b48130c5c79540c4fba57c912d3b8729, type: 3}
      propertyPath: m_LocalScale.x
      value: 0.10077877
      objectReference: {fileID: 0}
    - target: {fileID: 464766, guid: b48130c5c79540c4fba57c912d3b8729, type: 3}
      propertyPath: m_LocalScale.y
      value: 0.10077877
      objectReference: {fileID: 0}
    - target: {fileID: 464766, guid: b48130c5c79540c4fba57c912d3b8729, type: 3}
      propertyPath: m_LocalScale.z
      value: 0.10077877
      objectReference: {fileID: 0}
    - target: {fileID: 19925050, guid: b48130c5c79540c4fba57c912d3b8729, type: 3}
      propertyPath: m_SortingOrder
      value: 5
      objectReference: {fileID: 0}
    - target: {fileID: 19925050, guid: b48130c5c79540c4fba57c912d3b8729, type: 3}
      propertyPath: m_Materials.Array.data[0]
      value: 
      objectReference: {fileID: 2100000, guid: ccc729321dd2a334ebf20ecdec67d076, type: 2}
    - target: {fileID: 19925050, guid: b48130c5c79540c4fba57c912d3b8729, type: 3}
      propertyPath: m_RenderAlignment
      value: 0
      objectReference: {fileID: 0}
    - target: {fileID: 19925050, guid: b48130c5c79540c4fba57c912d3b8729, type: 3}
      propertyPath: m_CastShadows
      value: 0
      objectReference: {fileID: 0}
    - target: {fileID: 19925050, guid: b48130c5c79540c4fba57c912d3b8729, type: 3}
      propertyPath: m_ReceiveShadows
      value: 0
      objectReference: {fileID: 0}
    - target: {fileID: 19827604, guid: b48130c5c79540c4fba57c912d3b8729, type: 3}
      propertyPath: InitialModule.startColor.maxColor.r
      value: 0.15686275
      objectReference: {fileID: 0}
    - target: {fileID: 19827604, guid: b48130c5c79540c4fba57c912d3b8729, type: 3}
      propertyPath: InitialModule.startColor.maxColor.g
      value: 0.7568628
      objectReference: {fileID: 0}
    - target: {fileID: 19827604, guid: b48130c5c79540c4fba57c912d3b8729, type: 3}
      propertyPath: InitialModule.startColor.maxColor.b
      value: 0.83921576
      objectReference: {fileID: 0}
    - target: {fileID: 19827604, guid: b48130c5c79540c4fba57c912d3b8729, type: 3}
      propertyPath: InitialModule.startSize.scalar
      value: 0.4
      objectReference: {fileID: 0}
    - target: {fileID: 19827604, guid: b48130c5c79540c4fba57c912d3b8729, type: 3}
      propertyPath: InitialModule.startSpeed.scalar
      value: 0
      objectReference: {fileID: 0}
    - target: {fileID: 19827604, guid: b48130c5c79540c4fba57c912d3b8729, type: 3}
      propertyPath: InitialModule.size3D
      value: 0
      objectReference: {fileID: 0}
    - target: {fileID: 19827604, guid: b48130c5c79540c4fba57c912d3b8729, type: 3}
      propertyPath: playOnAwake
      value: 1
      objectReference: {fileID: 0}
    - target: {fileID: 19827604, guid: b48130c5c79540c4fba57c912d3b8729, type: 3}
      propertyPath: autoRandomSeed
      value: 1
      objectReference: {fileID: 0}
    - target: {fileID: 19827604, guid: b48130c5c79540c4fba57c912d3b8729, type: 3}
      propertyPath: prewarm
      value: 1
      objectReference: {fileID: 0}
    - target: {fileID: 19827604, guid: b48130c5c79540c4fba57c912d3b8729, type: 3}
      propertyPath: startDelay.maxCurve.m_Curve.Array.data[0].value
      value: 0
      objectReference: {fileID: 0}
    - target: {fileID: 19827604, guid: b48130c5c79540c4fba57c912d3b8729, type: 3}
      propertyPath: startDelay.maxCurve.m_Curve.Array.data[1].value
      value: 0
      objectReference: {fileID: 0}
    - target: {fileID: 19925482, guid: b48130c5c79540c4fba57c912d3b8729, type: 3}
      propertyPath: m_SortingOrder
      value: 5
      objectReference: {fileID: 0}
    - target: {fileID: 19828184, guid: b48130c5c79540c4fba57c912d3b8729, type: 3}
      propertyPath: InitialModule.startColor.maxColor.r
      value: 1
      objectReference: {fileID: 0}
    - target: {fileID: 19828184, guid: b48130c5c79540c4fba57c912d3b8729, type: 3}
      propertyPath: InitialModule.startColor.maxColor.g
      value: 0.9880786
      objectReference: {fileID: 0}
    - target: {fileID: 19828184, guid: b48130c5c79540c4fba57c912d3b8729, type: 3}
      propertyPath: InitialModule.startColor.maxColor.b
      value: 0
      objectReference: {fileID: 0}
    - target: {fileID: 19828184, guid: b48130c5c79540c4fba57c912d3b8729, type: 3}
      propertyPath: ColorModule.gradient.maxGradient.key1.g
      value: 0.8771619
      objectReference: {fileID: 0}
    - target: {fileID: 19828184, guid: b48130c5c79540c4fba57c912d3b8729, type: 3}
      propertyPath: ColorModule.gradient.maxGradient.key1.b
      value: 0
      objectReference: {fileID: 0}
    - target: {fileID: 19828184, guid: b48130c5c79540c4fba57c912d3b8729, type: 3}
      propertyPath: ColorModule.gradient.maxGradient.key2.a
      value: 0.5019608
      objectReference: {fileID: 0}
    - target: {fileID: 19828184, guid: b48130c5c79540c4fba57c912d3b8729, type: 3}
      propertyPath: ColorModule.gradient.maxGradient.atime1
      value: 36815
      objectReference: {fileID: 0}
    - target: {fileID: 19828184, guid: b48130c5c79540c4fba57c912d3b8729, type: 3}
      propertyPath: playOnAwake
      value: 1
      objectReference: {fileID: 0}
    m_RemovedComponents: []
  m_SourcePrefab: {fileID: 100100000, guid: b48130c5c79540c4fba57c912d3b8729, type: 3}
--- !u!4 &9044201569603998366 stripped
Transform:
  m_CorrespondingSourceObject: {fileID: 460112, guid: b48130c5c79540c4fba57c912d3b8729,
    type: 3}
  m_PrefabInstance: {fileID: 9044201569603672014}
  m_PrefabAsset: {fileID: 0}
